@misc{OfcomSpectrum,
  author = {Ofcom},
  title = {Spectrum Pricing: a statement on proposals for setting {Wireless Telegraphy Act} license fees},
  month = {February},
  year = 2005
}

@misc{IR2006,
  author = {Ofcom},
  title = {{UK Interface Requirement 2006, Wireless Access Systems (WAS) including RLANs operating in the 5150-5725 MHz band}},
  month = {November},
  year = 2006
}

@misc{IR2007,
  author = {Ofcom},
  title = {{UK Interface Requirement 2007, Fixed Broadband Services operating in the 5725-5850 MHz band}},
  month = {May},
  year = 2007
}

@misc{RIPECharges,
  author = {{RIPE}},
  title = {{RIPE NCC Charging Scheme 2014}},
  url = {\href{https://www.ripe.net/ripe/docs/ripe-591}{https://www.ripe.net/ripe/docs/ripe-591}},
  month = {May},
  year = 2013
}